<record><leader>00000cas a22000007a 4500</leader><controlfield tag="001">11182030</controlfield><controlfield tag="008">840921d19031909ohuwr ne      0    0eng d</controlfield><controlfield tag="009">3783</controlfield><datafield ind1=" " ind2=" " tag="010"><subfield code="a">sn 84028577 </subfield></datafield><datafield ind1=" " ind2=" " tag="040"><subfield code="a">NPY</subfield><subfield code="b">eng</subfield><subfield code="c">NPY</subfield><subfield code="d">ONP</subfield><subfield code="d">OCLCQ</subfield></datafield><datafield ind1="1" ind2=" " tag="029"><subfield code="a">AU@</subfield><subfield code="b">000020580944</subfield></datafield><datafield ind1=" " ind2=" " tag="042"><subfield code="a">msc</subfield></datafield><datafield ind1="0" ind2="4" tag="245"><subfield code="a">The Weekly Guernsey times.</subfield></datafield><datafield ind1=" " ind2=" " tag="260"><subfield code="a">Cambridge, Ohio :</subfield><subfield code="b">D.D. Taylor,</subfield><subfield code="c">1903-</subfield></datafield><datafield ind1=" " ind2=" " tag="300"><subfield code="a">v.</subfield></datafield><datafield ind1=" " ind2=" " tag="310"><subfield code="a">Weekly</subfield></datafield><datafield ind1="0" ind2=" " tag="362"><subfield code="a">Vol. 79, no. 21 (May 14, 1903) = [Whole no. 4051]-</subfield></datafield><datafield ind1="1" ind2=" " tag="362"><subfield code="a">Ceased in 1909?</subfield></datafield><datafield ind1=" " ind2=" " tag="500"><subfield code="a">Republican.</subfield></datafield><datafield ind1=" " ind2=" " tag="580"><subfield code="a">Daily eds.: Daily Guernsey times (Cambridge, Ohio : 1897), 1903-1907; and: Guernsey times (Cambridge, Ohio : 1907), 1907-1909.</subfield></datafield><datafield ind1=" " ind2="4" tag="651"><subfield code="a">Cambridge (Ohio)</subfield><subfield code="v">Newspapers.</subfield></datafield><datafield ind1=" " ind2="4" tag="651"><subfield code="a">Guernsey County (Ohio)</subfield><subfield code="v">Newspapers.</subfield></datafield><datafield ind1=" " ind2=" " tag="752"><subfield code="a">United States</subfield><subfield code="b">Ohio</subfield><subfield code="c">Guernsey</subfield><subfield code="d">Cambridge.</subfield></datafield><datafield ind1="1" ind2=" " tag="775"><subfield code="t">Daily Guernsey times (Cambridge, Ohio : 1897)</subfield><subfield code="w">(DLC)sn 84028579</subfield></datafield><datafield ind1="1" ind2=" " tag="775"><subfield code="t">Guernsey times (Cambridge, Ohio : 1907)</subfield><subfield code="w">(DLC)sn 89076225</subfield></datafield><datafield ind1="0" ind2="0" tag="780"><subfield code="t">Guernsey times (Cambridge, Ohio : 1842)</subfield><subfield code="w">(DLC)sn 84028576</subfield></datafield><datafield ind1="0" ind2="0" tag="785"><subfield code="t">Republican press and the weekly Guernsey times</subfield><subfield code="w">(DLC)sn 89076224</subfield></datafield></record>